
%
%  $Description: Sample bibliography$ 
% 
%  $Author: ienne $ 
%  $Date: 1995/09/15 15:19:53 $
%  $Revision: 1.3 $
%

@InProceedings{iJAM,
  author       = {Rok Strni{\v s}a},
  title        = {{Fixing the Java Module System, in Theory and in Practice}},
  booktitle    = {FTfJP '08: 10th Workshop on Formal Techniques for Java-like
                  Programs},
  location     = {Paphos, Cyprus},
  month        = jul # {~8,},
  year         = 2008,
}

@misc{superpackagesNoMore,
	author = "Peter Kriens",
	title = "{JSR} 294 Superpackages No More",
	howpublished = "http://www.osgi.org/blog/2008/04/jsr-294-superpackages-no-more.html",
	}

@misc{superpackageChange,
	author = "Alex Buckley",
	title = "Changes to the superpackage model",
	howpublished = "http://altair.cs.oswego.edu/pipermail/jsr294-modularity-eg/2008-March/000171.html",
}

@misc{iJAMComments,
	author = "Peter Kriens",
	title = "{iJAM}, Formalized Class Loading",
	howpublished = "http://www.osgi.org/blog/2007/10/ijam-formalized-class-loading.html",
}

@misc{JSR294,
	author = "{Sun Microsystems}",
	title = "{JSR} 294 : Improved Modularity Support in the {Java$^{TM}$} Programming Language",
	howpublished = "http://jcp.org/en/jsr/detail?id=294",
	year = {2007},
}

@misc{JSR277,
	author = "{Sun Microsystems}",
	title = "{JSR} 277 : {Java$^{TM}$} Module System",
	howpublished = "http://jcp.org/en/jsr/detail?id=277",
	year = {2006},
}

@inproceedings{Ancona05smartmodules,
    author = {Davide Ancona and Giovanni Lagorio and Elena Zucca},
    title = {Smart Modules for Java-like Languages},
    booktitle = {In 7th Intl. Workshop on Formal Techniques for Java-like Programs},
    year = {2005}
}

@article{hoffman90moduleinterfaces,
 author = {Daniel Hoffman},
 title = {On Criteria for Module Interfaces},
 journal = {IEEE Trans. Softw. Eng.},
 volume = {16},
 number = {5},
 year = {1990},
 issn = {0098-5589},
 pages = {537--542},
 doi = {http://dx.doi.org/10.1109/32.52776},
 publisher = {IEEE Press},
 address = {Piscataway, NJ, USA},
 }

@inproceedings{szyperski92import,
    author = "Clemens A. Szyperski",
    title = "Import is not inheritance: Why we need both: modules and classes",
    booktitle = "Proceedings of the 6th European Conference on Object-Oriented Programming ({ECOOP})",
    volume = "615",
    publisher = "Springer-Verlag",
    address = "Berlin, Heidelberg, New York, Tokyo",
    editor = "Ole Lehrmann Madsen",
    isbn = "3-540-55668-0",
    pages = "19--32",
    year = "1992",
    url = "citeseer.ist.psu.edu/szyperski92import.html" }
    
@misc{OSGi4,
	author = "{OSGi Alliance}",
	title = "{OSGi} Service Platform Core Specification release 4 version 4.1",
	month = "April",
	year = "2007",
	howpublished  = "http://www.osgi.org/Specifications/HomePage"
}

@article{corwinMJModules,
 author = {John Corwin and David F. Bacon and David Grove and Chet Murthy},
 title = {{MJ}: a rational module system for Java and its applications},
 journal = {SIGPLAN Not.},
 volume = {38},
 number = {11},
 year = {2003},
 issn = {0362-1340},
 pages = {241--254},
 doi = {http://doi.acm.org/10.1145/949343.949326},
 publisher = {ACM},
 address = {New York, NY, USA},
 }
 
@misc{scala,
 author = "Martin Odersky",
 title = "The Scala Language Specification v2.7",
 institution = "Techinal Report, EPFL, Lausanne, Switzerland",
 month = "Jan",
 year = "2004"
}

@inproceedings{componentnextgen,
 author = {James Sasitorn and Robert Cartwright},
 title = {Component nextgen: a sound and expressive component framework for java},
 booktitle = {OOPSLA '07: Proceedings of the 22nd annual ACM SIGPLAN conference on Object oriented programming systems and applications},
 year = {2007},
 isbn = {978-1-59593-786-5},
 pages = {153--170},
 location = {Montreal, Quebec, Canada},
 doi = {http://doi.acm.org/10.1145/1297027.1297039},
 publisher = {ACM},
 address = {New York, NY, USA},
 }

@inproceedings { mcdirmid01jiazzi,
    author = "S. McDirmid and M. Flatt and W. Hsieh",
    title = "Jiazzi: New-Age Components for Old-Fashioned {Java}",
    booktitle = "Proc. of OOPSLA",
    month = oct,
    year = "2001",
    url = "citeseer.ist.psu.edu/mcdirmid01jiazzi.html" }
    
@article{jastadd,
 author = {Torbj\"{o}rn Ekman and G\"{o}rel Hedin},
 title = {The jastadd extensible java compiler},
 journal = {SIGPLAN Not.},
 volume = {42},
 number = {10},
 year = {2007},
 issn = {0362-1340},
 pages = {1--18},
 doi = {http://doi.acm.org/10.1145/1297105.1297029},
 publisher = {ACM},
 address = {New York, NY, USA},
 }

@misc{netassemblies,
	author = "{Microsoft Inc.}",
	title = "Assemblies: {.NET} Framework Developer's Guide ",
	howpublished = "http://msdn.microsoft.com/en-us/library/hk5f40ct(VS.71).aspx",
}

@inproceedings{secotypedcomponents,
 author = {Jo\,
{a}o Costa Seco and Lu\'{\i}s Caires},
 title = {A Basic Model of Typed Components},
 booktitle = {ECOOP '00: Proceedings of the 14th European Conference on Object-Oriented Programming},
 year = {2000},
 isbn = {3-540-67660-0},
 pages = {108--128},
 publisher = {Springer-Verlag},
 address = {London, UK},
 }

@misc{javajars,
	author = "{Sun Microsystems}",
	title ="JAR File Specification",
	howpublished = "http://java.sun.com/j2se/1.4.2/docs/guide/jar/jar.html",
}

@inproceedings{hyperj,
 author = {Harold Ossher and Peri Tarr},
 title = {Hyper/J: multi-dimensional separation of concerns for Java},
 booktitle = {ICSE '00: Proceedings of the 22nd international conference on Software engineering},
 year = {2000},
 isbn = {1-58113-206-9},
 pages = {734--737},
 location = {Limerick, Ireland},
 doi = {http://doi.acm.org/10.1145/337180.337618},
 publisher = {ACM},
 address = {New York, NY, USA},
 }

@inproceedings{virtualclasses89,
 author = {O. L. Madsen and B. Moller-Pedersen},
 title = {Virtual classes: a powerful mechanism in object-oriented programming},
 booktitle = {OOPSLA '89: Conference proceedings on Object-oriented programming systems, languages and applications},
 year = {1989},
 isbn = {0-89791-333-7},
 pages = {397--406},
 location = {New Orleans, Louisiana, United States},
 doi = {http://doi.acm.org/10.1145/74877.74919},
 publisher = {ACM},
 address = {New York, NY, USA},
 }

@inproceedings{virtualclasscalculus06,
 author = {Erik Ernst and Klaus Ostermann and William R. Cook},
 title = {A virtual class calculus},
 booktitle = {POPL '06: Conference record of the 33rd ACM SIGPLAN-SIGACT symposium on Principles of programming languages},
 year = {2006},
 isbn = {1-59593-027-2},
 pages = {270--282},
 location = {Charleston, South Carolina, USA},
 doi = {http://doi.acm.org/10.1145/1111037.1111062},
 publisher = {ACM},
 address = {New York, NY, USA},
 }

@unpublished{jhotdraw,
author = "Erich Gamma",
title = "{JHotDraw}",
note = "Available from \url{http://sourceforge.net/projects/jhotdraw}",
year = "2008"}

@article{keris05,
 author = {Matthias Zenger},
 title = {KERIS: evolving software with extensible modules: Research Articles},
 journal = {J. Softw. Maint. Evol.},
 volume = {17},
 number = {5},
 year = {2005},
 issn = {1532-060X},
 pages = {333--362},
 doi = {http://dx.doi.org/10.1002/smr.v17:5},
 publisher = {John Wiley \& Sons, Inc.},
 address = {New York, NY, USA},
 }

@misc{patchingosgi,
 author = "Azeez, Afkham",
 title = {How to create patches for OSGi bundles},
 year = 2007,
 howpublished = "http://afkham.org/2008/10/how-to-create-patches-for-osgi-bundles.html"
}

@misc{reflexil,
 author = "Lebreton, Sebastien",
 title= {Assembly Manipulation and C\#/VB.NET Code Injection},
 year= 2008,
 howpublished = "http://www.codeproject.com/KB/msil/reflexil.aspx"
}

@misc{monocecil,
 author= "Evain, Jean-Baptiste",
 title= {mono.Cecil},
 howpublished = "http://www.mono-project.com/Cecil"
}

@misc{eclipse,
	author = "{The Eclipse Foundation}",
	title="{The Eclipse Project}",
	howpublished="http://www.eclipse.org"
}