
%
%  $Description: Sample bibliography$ 
% 
%  $Author: ienne $ 
%  $Date: 1995/09/15 15:19:53 $
%  $Revision: 1.3 $
%

@InProceedings{iJAM,
  author       = {Rok Strni{\v s}a},
  title        = {{Fixing the Java Module System, in Theory and in Practice}},
  booktitle    = {FTfJP '08: 10th Workshop on Formal Techniques for Java-like
                  Programs},
  location     = {Paphos, Cyprus},
  month        = jul # {~8,},
  year         = 2008,
}

@misc{superpackagesNoMore,
	author = "Peter Kriens",
	title = "{JSR} 294 Superpackages No More",
	howpublished = "http://www.osgi.org/blog/2008/04/jsr-294-superpackages-no-more.html",
	}

@misc{superpackageChange,
	author = "Alex Buckley",
	title = "Changes to the superpackage model",
	howpublished = "http://altair.cs.oswego.edu/pipermail/jsr294-modularity-eg/2008-March/000171.html",
}

@misc{iJAMComments,
	author = "Peter Kriens",
	title = "{iJAM}, Formalized Class Loading",
	howpublished = "http://www.osgi.org/blog/2007/10/ijam-formalized-class-loading.html",
}

@misc{JSR294,
	author = "{Sun Microsystems}",
	title = "{JSR} 294 : Improved Modularity Support in the {Java$^{TM}$} Programming Language",
	howpublished = "http://jcp.org/en/jsr/detail?id=294",
	year = {2007},
}

@misc{JSR277,
	author = "{Sun Microsystems}",
	title = "{JSR} 277 : {Java$^{TM}$} Module System",
	howpublished = "http://jcp.org/en/jsr/detail?id=277",
	year = {2006},
}

@inproceedings{Ancona05smartmodules,
    author = {Davide Ancona and Giovanni Lagorio and Elena Zucca},
    title = {Smart Modules for Java-like Languages},
    booktitle = {In 7th Intl. Workshop on Formal Techniques for Java-like Programs},
    year = {2005}
}

@article{hoffman90moduleinterfaces,
 author = {Daniel Hoffman},
 title = {On Criteria for Module Interfaces},
 journal = {IEEE Trans. Softw. Eng.},
 volume = {16},
 number = {5},
 year = {1990},
 issn = {0098-5589},
 pages = {537--542},
 doi = {http://dx.doi.org/10.1109/32.52776},
 publisher = {IEEE Press},
 address = {Piscataway, NJ, USA},
 }

@inproceedings{szyperski92import,
    author = "Clemens A. Szyperski",
    title = "Import is not inheritance: Why we need both: modules and classes",
    booktitle = "Proceedings of the 6th European Conference on Object-Oriented Programming ({ECOOP})",
    volume = "615",
    publisher = "Springer-Verlag",
    address = "Berlin, Heidelberg, New York, Tokyo",
    editor = "Ole Lehrmann Madsen",
    isbn = "3-540-55668-0",
    pages = "19--32",
    year = "1992",
    url = "citeseer.ist.psu.edu/szyperski92import.html" }
    
@misc{OSGi4,
	author = "{OSGi Alliance}",
	title = "{OSGi} Service Platform Core Specification release 4 version 4.1",
	month = "April",
	year = "2007",
	howpublished  = "http://www.osgi.org/Specifications/HomePage"
}

@article{corwinMJModules,
 author = {John Corwin and David F. Bacon and David Grove and Chet Murthy},
 title = {{MJ}: a rational module system for Java and its applications},
 journal = {SIGPLAN Not.},
 volume = {38},
 number = {11},
 year = {2003},
 issn = {0362-1340},
 pages = {241--254},
 doi = {http://doi.acm.org/10.1145/949343.949326},
 publisher = {ACM},
 address = {New York, NY, USA},
 }
 
@misc{scala,
 author = "Martin Odersky",
 title = "The Scala Language Specification v2.7",
 institution = "Techinal Report, EPFL, Lausanne, Switzerland",
 month = "Jan",
 year = "2004"
}

@inproceedings{componentnextgen,
 author = {James Sasitorn and Robert Cartwright},
 title = {Component nextgen: a sound and expressive component framework for java},
 booktitle = {OOPSLA '07: Proceedings of the 22nd annual ACM SIGPLAN conference on Object oriented programming systems and applications},
 year = {2007},
 isbn = {978-1-59593-786-5},
 pages = {153--170},
 location = {Montreal, Quebec, Canada},
 doi = {http://doi.acm.org/10.1145/1297027.1297039},
 publisher = {ACM},
 address = {New York, NY, USA},
 }

@inproceedings { mcdirmid01jiazzi,
    author = "S. McDirmid and M. Flatt and W. Hsieh",
    title = "Jiazzi: New-Age Components for Old-Fashioned {Java}",
    booktitle = "Proc. of OOPSLA",
    month = oct,
    year = "2001",
    url = "citeseer.ist.psu.edu/mcdirmid01jiazzi.html" }
    
@inproceedings{jastaddjavacompiler,
           author = "Torbj{\"o}rn Ekman and G{\"o}rel Hedin",
           title = {{The JastAdd Extensible Java Compiler}},
           booktitle = "OOPSLA",
           editor = "Richard P. Gabriel",
           year = "2007",
           publisher = "ACM Press"}

@inproceedings{aosd08abc,
   author = "Pavel Avgustinov and Torbj{\"o}rn Ekman and Julian Tibble",
  title = {{Modularity First: A Case for Mixing AOP and Attribute Grammars}},
  booktitle = "AOSD",
  year = "2008",
  publisher = "ACM Press"}


@article{jastadd,
 author = {Torbj\"{o}rn Ekman and G\"{o}rel Hedin},
 title = {{The JastAdd System - modular extensible compiler construction}},
 journal = {Sci. Comput. Program.},
 volume = {69},
 number = {1-3},
 year = {2007},
 pages = {14--26},
 publisher = {Elsevier North-Holland, Inc.},
 address = {Amsterdam, The Netherlands, The Netherlands},
 }


@misc{netassemblies,
	author = "{Microsoft Inc.}",
	title = "Assemblies: {.NET} Framework Developer's Guide ",
	howpublished = "http://msdn.microsoft.com/en-us/library/hk5f40ct(VS.71).aspx",
}

@inproceedings{secotypedcomponents,
 author = {Jo\,
{a}o Costa Seco and Lu\'{\i}s Caires},
 title = {A Basic Model of Typed Components},
 booktitle = {ECOOP '00: Proceedings of the 14th European Conference on Object-Oriented Programming},
 year = {2000},
 isbn = {3-540-67660-0},
 pages = {108--128},
 publisher = {Springer-Verlag},
 address = {London, UK},
 }

@misc{javajars,
	author = "{Sun Microsystems}",
	title ="JAR File Specification",
	howpublished = "http://java.sun.com/j2se/1.4.2/docs/guide/jar/jar.html",
}

@inproceedings{hyperj,
 author = {Harold Ossher and Peri Tarr},
 title = {{Hyper/J: multi-dimensional separation of concerns for Java}},
 booktitle = {ICSE '00: Proceedings of the 22nd international conference on Software engineering},
 year = {2000},
 isbn = {1-58113-206-9},
 pages = {734--737},
 location = {Limerick, Ireland},
 doi = {http://doi.acm.org/10.1145/337180.337618},
 publisher = {ACM},
 address = {New York, NY, USA},
 }


@inproceedings{virtualclasscalculus06,
 author = {Erik Ernst and Klaus Ostermann and William R. Cook},
 title = {A virtual class calculus},
 booktitle = {POPL '06: Conference record of the 33rd ACM SIGPLAN-SIGACT symposium on Principles of programming languages},
 year = {2006},
 isbn = {1-59593-027-2},
 pages = {270--282},
 location = {Charleston, South Carolina, USA},
 doi = {http://doi.acm.org/10.1145/1111037.1111062},
 publisher = {ACM},
 address = {New York, NY, USA},
 }

@unpublished{jhotdraw,
author = "Erich Gamma",
title = "{JHotDraw}",
note = "Available from \url{http://sourceforge.net/projects/jhotdraw}",
year = "2008"}

@inproceedings{openmodulesaj,
 author = {Neil Ongkingco and Pavel Avgustinov and Julian Tibble and Laurie Hendren and Oege de Moor and Ganesh Sittampalam},
 title = {{Adding open modules to AspectJ}},
 booktitle = {AOSD '06: Proceedings of the 5th international conference on Aspect-oriented software development},
 year = {2006},
 isbn = {1-59593-300-X},
 pages = {39--50},
 location = {Bonn, Germany},
 doi = {http://doi.acm.org/10.1145/1119655.1119664},
 publisher = {ACM},
 address = {New York, NY, USA},
 }

@inproceedings{caesarj,
 author = {Ivica Aracic and Vaidas Gasiunas and Mira Mezini and Klaus Ostermann},
 title = "An Overview of CaesarJ",
 booktitle = {Transactions on Aspect-Oriented Software Development I},
 year = {2006},
 isbn = {	978-3-540-32972-5},
 pages = {135--173},
 location = {Bonn, Germany},
 doi = {10.1007/11687061_5},
 publisher = {Springer},
 address = {Berlin, Germany},
 }
 
@article{ lieberherr03aspectual,
  author = "K. Lieberherr and D. Lorenz and J. Ovlinger",
  title = "Aspectual Collaborations: Combining Modules and Aspects",
  text = "K. Lieberherr, D. H. Lorenz, and J. Ovlinger. Aspectual Collaborations:
    Combining Modules and Aspects. The Computer Journal, 46(5):542--565, September
    2003.",
  journal = "The Computer Journal",
  pages = "542--565",
  volume = "46",
  number = "5",
  year = "2003",
  url = "citeseer.ist.psu.edu/lieberherr03aspectual.html" }
  
@inproceedings{aspectualmixinlayers,
 author = {Sven Apel and Thomas Leich and Gunter Saake},
 title = {Aspectual mixin layers: aspects and features in concert},
 booktitle = {ICSE '06: Proceedings of the 28th international conference on Software engineering},
 year = {2006},
 isbn = {1-59593-375-1},
 pages = {122--131},
 location = {Shanghai, China},
 doi = {http://doi.acm.org/10.1145/1134285.1134304},
 publisher = {ACM},
 address = {New York, NY, USA},
 }

 
@inproceedings{virtualclasses89,
 author = {O. L. Madsen and B. Moller-Pedersen},
 title = {Virtual classes: a powerful mechanism in object-oriented programming},
 booktitle = {OOPSLA '89: Conference proceedings on Object-oriented programming systems, languages and applications},
 year = {1989},
 isbn = {0-89791-333-7},
 pages = {397--406},
 location = {New Orleans, Louisiana, United States},
 doi = {http://doi.acm.org/10.1145/74877.74919},
 publisher = {ACM},
 address = {New York, NY, USA},
 }
 
@inproceedings{aopmodularreasoning,
 author = {Gregor Kiczales and Mira Mezini},
 title = {Aspect-oriented programming and modular reasoning},
 booktitle = {ICSE '05: Proceedings of the 27th international conference on Software engineering},
 year = {2005},
 isbn = {1-59593-963-2},
 pages = {49--58},
 location = {St. Louis, MO, USA},
 doi = {http://doi.acm.org/10.1145/1062455.1062482},
 publisher = {ACM},
 address = {New York, NY, USA},
 }
 
@inproceedings{fopstepwiserefinement,
 author = {Don Batory and Jacob Neal Sarvela and Axel Rauschmayer},
 title = {Scaling step-wise refinement},
 booktitle = {ICSE '03: Proceedings of the 25th International Conference on Software Engineering},
 year = {2003},
 isbn = {0-7695-1877-X},
 pages = {187--197},
 location = {Portland, Oregon},
 publisher = {IEEE Computer Society},
 address = {Washington, DC, USA},
 }

@inproceedings{hypercast,
 author = {Kevin Sullivan and William G. Griswold and Yuanyuan Song and Yuanfang Cai and Macneil Shonle and Nishit Tewari and Hridesh Rajan},
 title = {Information hiding interfaces for aspect-oriented design},
 booktitle = {ESEC/FSE-13: Proceedings of the 10th European software engineering conference held jointly with 13th ACM SIGSOFT international symposium on Foundations of software engineering},
 year = {2005},
 isbn = {1-59593-014-0},
 pages = {166--175},
 location = {Lisbon, Portugal},
 doi = {http://doi.acm.org/10.1145/1081706.1081734},
 publisher = {ACM},
 address = {New York, NY, USA},
 }

@article{xpi,
 author = {William G. Griswold and Kevin Sullivan and Yuanyuan Song and Macneil Shonle and Nishit Tewari and Yuanfang Cai and Hridesh Rajan},
 title = {Modular Software Design with Crosscutting Interfaces},
 journal = {IEEE Softw.},
 volume = {23},
 number = {1},
 year = {2006},
 issn = {0740-7459},
 pages = {51--60},
 doi = {http://dx.doi.org/10.1109/MS.2006.24},
 publisher = {IEEE Computer Society Press},
 address = {Los Alamitos, CA, USA},
 }

@inproceedings{overviewaspectj,
 author = {Gregor Kiczales and Erik Hilsdale and Jim Hugunin and Mik Kersten and Jeffrey Palm and William G. Griswold},
 title = {{An Overview of AspectJ}},
 booktitle = {ECOOP '01: Proceedings of the 15th European Conference on Object-Oriented Programming},
 year = {2001},
 isbn = {3-540-42206-4},
 pages = {327--353},
 publisher = {Springer-Verlag},
 address = {London, UK},
 }

@article{compositionfilters,
 author = {Lodewijk Bergmans and Mehmet Aksit},
 title = {Composing crosscutting concerns using composition filters},
 journal = {Commun. ACM},
 volume = {44},
 number = {10},
 year = {2001},
 issn = {0001-0782},
 pages = {51--57},
 doi = {http://doi.acm.org/10.1145/383845.383857},
 publisher = {ACM},
 address = {New York, NY, USA},
 }

@unpublished{modulesastypes,
author = "Neil Ongkingco",
title = {Modules as Object-Oriented Types},
note = "Submitted to ICSE 2009.
        Available from \url{http://progtools.comlab.ox.ac.uk/members/neil}",
year = "2005"}

@inproceedings{expanders,
 author = {Alessandro Warth and Milan Stanojevi\'{c} and Todd Millstein},
 title = {Statically scoped object adaptation with expanders},
 booktitle = {OOPSLA '06: Proceedings of the 21st annual ACM SIGPLAN conference on Object-oriented programming systems, languages, and applications},
 year = {2006},
 isbn = {1-59593-348-4},
 pages = {37--56},
 location = {Portland, Oregon, USA},
 doi = {http://doi.acm.org/10.1145/1167473.1167477},
 publisher = {ACM},
 address = {New York, NY, USA},
 }

@inproceedings{openmodules,
  author = "Jonathan Aldrich",
  title = "{Open Modules: Modular Reasoning about Advice}",
  booktitle = "Proceedings of the European Conference on Object-Oriented
               Programming",
  publisher = "Springer",
  volume = "3586",
  pages = "144--168",
  series = "LNCS",
  year = "2005"}

@inproceedings{classboxj,
 author = {Alexandre Bergel and St\'{e}phane Ducasse and Oscar Nierstrasz},
 title = {Classbox/J: controlling the scope of change in Java},
 booktitle = {OOPSLA '05: Proceedings of the 20th annual ACM SIGPLAN conference on Object oriented programming, systems, languages, and applications},
 year = {2005},
 isbn = {1-59593-031-0},
 pages = {177--189},
 location = {San Diego, CA, USA},
 doi = {http://doi.acm.org/10.1145/1094811.1094826},
 publisher = {ACM},
 address = {New York, NY, USA},
 }

